% bmc_article.bib
% 
%  An example of bibtex entries.
%  Entries taken from BMC instructions for authors page.

% uncomment next line to make author-year bibliography
% @settings{label, options="nameyear"}


%--------------------------------------------------------------
% Data
%--------------------------------------------------------------
@Article{Helwak2014,
author={Helwak, Aleksandra
and Tollervey, David},
title={Mapping the miRNA interactome by cross-linking ligation and sequencing of hybrids (CLASH)},
journal={Nature Protocols},
year={2014},
month={Feb},
day={27},
publisher={Nature Publishing Group, a division of Macmillan Publishers Limited. All Rights Reserved. SN  -},
volume={9},
pages={711 EP  -},
url={http://dx.doi.org/10.1038/nprot.2014.043}
}


@article{grosswendt2014unambiguous,
  title={Unambiguous identification of miRNA: target site interactions by different types of ligation reactions},
  author={Grosswendt, Stefanie and Filipchyk, Andrei and Manzano, Mark and Klironomos, Filippos and Schilling, Marcel and Herzog, Margareta and Gottwein, Eva and Rajewsky, Nikolaus},
  journal={Molecular cell},
  volume={54},
  number={6},
  pages={1042--1054},
  year={2014},
  publisher={Elsevier}
}

@article{broughton2016pairing,
  title={Pairing beyond the seed supports microRNA targeting specificity},
  author={Broughton, James P and Lovci, Michael T and Huang, Jessica L and Yeo, Gene W and Pasquinelli, Amy E},
  journal={Molecular cell},
  volume={64},
  number={2},
  pages={320--333},
  year={2016},
  publisher={Elsevier}
}

@article{scheel2017global,
  title={Global mapping of miRNA-target interactions in cattle (Bos taurus)},
  author={Scheel, Troels KH and Moore, Michael J and Luna, Joseph M and Nishiuchi, Eiko and Fak, John and Darnell, Robert B and Rice, Charles M},
  journal={Scientific reports},
  volume={7},
  number={1},
  pages={8190},
  year={2017},
  publisher={Nature Publishing Group}
}

@article{darnell_moore2015mirna,
  title={miRNA--target chimeras reveal miRNA 3â€²-end pairing as a major determinant of Argonaute target specificity},
  author={Moore, Michael J and Scheel, Troels KH and Luna, Joseph M and Park, Christopher Y and Fak, John J and Nishiuchi, Eiko and Rice, Charles M and Darnell, Robert B},
  journal={Nature communications},
  volume={6},
  pages={8864},
  year={2015},
  publisher={Nature Publishing Group}
}

@article{kozomara2013mirbase,
  title={miRBase: annotating high confidence microRNAs using deep sequencing data},
  author={Kozomara, Ana and Griffiths-Jones, Sam},
  journal={Nucleic acids research},
  volume={42},
  number={D1},
  pages={D68--D73},
  year={2013},
  publisher={Oxford University Press}
}

@article{lee2017wormbase,
  title={WormBase 2017: molting into a new stage},
  author={Lee, Raymond Y N and Howe, Kevin L and Harris, Todd W and Arnaboldi, Valerio and Cain, Scott and Chan, Juancarlos and Chen, Wen J and Davis, Paul and Gao, Sibyl and Grove, Christian and others},
  journal={Nucleic acids research},
  volume={46},
  number={D1},
  pages={D869--D874},
  year={2017},
  publisher={Oxford University Press}
}
%%% blast
@article{altschul1990basic,
  title={Basic local alignment search tool},
  author={Altschul, Stephen F and Gish, Warren and Miller, Webb and Myers, Eugene W and Lipman, David J},
  journal={Journal of molecular biology},
  volume={215},
  number={3},
  pages={403--410},
  year={1990},
  publisher={Elsevier}
}

@article{smedley2015biomart,
  title={The BioMart community portal: an innovative alternative to large, centralized data repositories},
  author={Smedley, Damian and Haider, Syed and Durinck, Steffen and Pandini, Luca and Provero, Paolo and Allen, James and Arnaiz, Olivier and Awedh, Mohammad Hamza and Baldock, Richard and Barbiera, Giulia and others},
  journal={Nucleic acids research},
  volume={43},
  number={W1},
  pages={W589--W598},
  year={2015},
  publisher={Oxford University Press}
}

@article{menor2014mirmark,
  title={mirMark: a site-level and UTR-level classifier for miRNA target prediction},
  author={Menor, Mark and Ching, Travers and Zhu, Xun and Garmire, David and Garmire, Lana X},
  journal={Genome biology},
  volume={15},
  number={10},
  pages={500},
  year={2014},
  publisher={BioMed Central}
}


@article{karolchik2004ucsc,
  title={The UCSC Table Browser data retrieval tool},
  author={Karolchik, Donna and Hinrichs, Angela S and Furey, Terrence S and Roskin, Krishna M and Sugnet, Charles W and Haussler, David and Kent, W James},
  journal={Nucleic acids research},
  volume={32},
  number={suppl\_1},
  pages={D493--D496},
  year={2004},
  publisher={Oxford University Press}
}


@article{rnahybrid_rehmsmeier2004fast,
  title={Fast and effective prediction of microRNA/target duplexes},
  author={Rehmsmeier, Marc and Steffen, Peter and H{\"o}chsmann, Matthias and Giegerich, Robert},
  journal={Rna},
  volume={10},
  number={10},
  pages={1507--1517},
  year={2004},
  publisher={Cold Spring Harbor Lab}
}

@article{lorenz2011viennarna,
  title={ViennaRNA Package 2.0},
  author={Lorenz, Ronny and Bernhart, Stephan H and Zu Siederdissen, Christian H{\"o}ner and Tafer, Hakim and Flamm, Christoph and Stadler, Peter F and Hofacker, Ivo L},
  journal={Algorithms for molecular biology},
  volume={6},
  number={1},
  pages={26},
  year={2011},
  publisher={BioMed Central}
}


@article{cock2009biopython,
  title={Biopython: freely available Python tools for computational molecular biology and bioinformatics},
  author={Cock, Peter JA and Antao, Tiago and Chang, Jeffrey T and Chapman, Brad A and Cox, Cymon J and Dalke, Andrew and Friedberg, Iddo and Hamelryck, Thomas and Kauff, Frank and Wilczynski, Bartek and others},
  journal={Bioinformatics},
  volume={25},
  number={11},
  pages={1422--1423},
  year={2009},
  publisher={Oxford University Press}
}

@article{altschul1990basic_blast,
  title={Basic local alignment search tool},
  author={Altschul, Stephen F and Gish, Warren and Miller, Webb and Myers, Eugene W and Lipman, David J},
  journal={Journal of molecular biology},
  volume={215},
  number={3},
  pages={403--410},
  year={1990},
  publisher={Elsevier}
}

@inproceedings{mckinney2010data_pandas,
  title={Data structures for statistical computing in python},
  author={McKinney, Wes and others},
  booktitle={Proceedings of the 9th Python in Science Conference},
  volume={445},
  pages={51--56},
  year={2010},
  organization={Austin, TX}
}

@book{oliphant2006guide_numpy,
  title={A guide to NumPy},
  author={Oliphant, Travis E},
  volume={1},
  year={2006},
  publisher={Trelgol Publishing USA}
}

@article{pedregosa2011scikit,
  title={Scikit-learn: Machine learning in Python},
  author={Pedregosa, Fabian and Varoquaux, Ga{\"e}l and Gramfort, Alexandre and Michel, Vincent and Thirion, Bertrand and Grisel, Olivier and Blondel, Mathieu and Prettenhofer, Peter and Weiss, Ron and Dubourg, Vincent and others},
  journal={Journal of machine learning research},
  volume={12},
  number={Oct},
  pages={2825--2830},
  year={2011}
}

@inproceedings{xgboost,
 author = {Chen, Tianqi and Guestrin, Carlos},
 title = {{XGBoost}: A Scalable Tree Boosting System},
 booktitle = {Proceedings of the 22nd ACM SIGKDD International Conference on Knowledge Discovery and Data Mining},
 series = {KDD '16},
 year = {2016},
 isbn = {978-1-4503-4232-2},
 location = {San Francisco, California, USA},
 pages = {785--794},
 numpages = {10},
 url = {http://doi.acm.org/10.1145/2939672.2939785},
 doi = {10.1145/2939672.2939785},
 acmid = {2939785},
 publisher = {ACM},
 address = {New York, NY, USA},
 keywords = {large-scale machine learning},
}


@article{helwak2013mapping,
  title={Mapping the human miRNA interactome by CLASH reveals frequent noncanonical binding},
  author={Helwak, Aleksandra and Kudla, Grzegorz and Dudnakova, Tatiana and Tollervey, David},
  journal={Cell},
  volume={153},
  number={3},
  pages={654--665},
  year={2013},
  publisher={Elsevier}
}
% negative samples
@article{menor2014mirmark,
  title={mirMark: a site-level and UTR-level classifier for miRNA target prediction},
  author={Menor, Mark and Ching, Travers and Zhu, Xun and Garmire, David and Garmire, Lana X},
  journal={Genome biology},
  volume={15},
  number={10},
  pages={500},
  year={2014},
  publisher={BioMed Central}
}
% negative samples
@article{john2004human,
  title={Human microRNA targets},
  author={John, Bino and Enright, Anton J and Aravin, Alexei and Tuschl, Thomas and Sander, Chris and Marks, Debora S},
  journal={PLoS biology},
  volume={2},
  number={11},
  pages={e363},
  year={2004},
  publisher={Public Library of Science}
}
% negative samples
@article{maragkakis2009accurate,
  title={Accurate microRNA target prediction correlates with protein repression levels},
  author={Maragkakis, Manolis and Alexiou, Panagiotis and Papadopoulos, Giorgio L and Reczko, Martin and Dalamagas, Theodore and Giannopoulos, George and Goumas, George and Koukis, Evangelos and Kourtis, Kornilios and Simossis, Victor A and others},
  journal={BMC bioinformatics},
  volume={10},
  number={1},
  pages={295},
  year={2009},
  publisher={BioMed Central}
}

@article{wen2018deepmirtar,
  title={DeepMirTar: a deep-learning approach for predicting human miRNA targets},
  author={Wen, Ming and Cong, Peisheng and Zhang, Zhimin and Lu, Hongmei and Li, Tonghua},
  journal={Bioinformatics},
  volume={34},
  number={22},
  pages={3781--3787},
  year={2018},
  publisher={Oxford University Press}
}

@article{xgboost,
 author = {Chen, Tianqi and Guestrin, Carlos},
 title = {{XGBoost}: A Scalable Tree Boosting System},
 booktitle = {Proceedings of the 22nd ACM SIGKDD International Conference on Knowledge Discovery and Data Mining},
 series = {KDD '16},
 year = {2016},
 isbn = {978-1-4503-4232-2},
 location = {San Francisco, California, USA},
 pages = {785--794},
 numpages = {10},
 url = {http://doi.acm.org/10.1145/2939672.2939785},
 doi = {10.1145/2939672.2939785},
 acmid = {2939785},
 publisher = {ACM},
 address = {New York, NY, USA},
 keywords = {large-scale machine learning},
}


@article{bartel2009micrornas,
  title={MicroRNAs: target recognition and regulatory functions},
  author={Bartel, David P},
  journal={cell},
  volume={136},
  number={2},
  pages={215--233},
  year={2009},
  publisher={Elsevier}
}

@article{slack2000lin,
  title={The lin-41 RBCC gene acts in the C. elegans heterochronic pathway between the let-7 regulatory RNA and the LIN-29 transcription factor},
  author={Slack, Frank J and Basson, Michael and Liu, Zhongchi and Ambros, Victor and Horvitz, H Robert and Ruvkun, Gary},
  journal={Molecular cell},
  volume={5},
  number={4},
  pages={659--669},
  year={2000},
  publisher={Elsevier}
}

@article{vella2004c,
  title={The C. elegans microRNA let-7 binds to imperfect let-7 complementary sites from the lin-41 3â€² UTR},
  author={Vella, Monica C and Choi, Eun-Young and Lin, Shin-Yi and Reinert, Kristy and Slack, Frank J},
  journal={Genes \& development},
  volume={18},
  number={2},
  pages={132--137},
  year={2004},
  publisher={Cold Spring Harbor Lab}
}

@article{brennecke2005principles,
  title={Principles of microRNA--target recognition},
  author={Brennecke, Julius and Stark, Alexander and Russell, Robert B and Cohen, Stephen M},
  journal={PLoS biology},
  volume={3},
  number={3},
  year={2005},
  publisher={Public Library of Science}
}

@article{grimson2007microrna,
  title={MicroRNA targeting specificity in mammals: determinants beyond seed pairing},
  author={Grimson, Andrew and Farh, Kyle Kai-How and Johnston, Wendy K and Garrett-Engele, Philip and Lim, Lee P and Bartel, David P},
  journal={Molecular cell},
  volume={27},
  number={1},
  pages={91--105},
  year={2007},
  publisher={Elsevier}
}

@inproceedings{lee2016deeptarget,
  title={deepTarget: end-to-end learning framework for microRNA target prediction using deep recurrent neural networks},
  author={Lee, Byunghan and Baek, Junghwan and Park, Seunghyun and Yoon, Sungroh},
  booktitle={Proceedings of the 7th ACM International Conference on Bioinformatics, Computational Biology, and Health Informatics},
  pages={434--442},
  year={2016}
}

@article{chi2012alternative,
  title={An alternative mode of microRNA target recognition},
  author={Chi, Sung Wook and Hannon, Gregory J and Darnell, Robert B},
  journal={Nature structural \& molecular biology},
  volume={19},
  number={3},
  pages={321},
  year={2012},
  publisher={Nature Publishing Group}
}

@article{agarwal2015predicting,
  title={Predicting effective microRNA target sites in mammalian mRNAs},
  author={Agarwal, Vikram and Bell, George W and Nam, Jin-Wu and Bartel, David P},
  journal={elife},
  volume={4},
  pages={e05005},
  year={2015},
  publisher={eLife Sciences Publications Limited}
}

@article{mnist10027939599,
author="LECUN, Y.",
title="THE MNIST DATABASE of handwritten digits",
journal="http://yann.lecun.com/exdb/mnist/",
ISSN="",
publisher="",
year="",
month="",
volume="",
number="",
pages="",
URL="https://ci.nii.ac.jp/naid/10027939599/en/",
DOI="",
}

@mastersthesis{nielsen2016tree,
  title={Tree boosting with xgboost-why does xgboost win" every" machine learning competition?},
  author={Nielsen, Didrik},
  year={2016},
  school={NTNU}
}

@article{kumar2017timetree,
  title={TimeTree: a resource for timelines, timetrees, and divergence times},
  author={Kumar, Sudhir and Stecher, Glen and Suleski, Michael and Hedges, S Blair},
  journal={Molecular biology and evolution},
  volume={34},
  number={7},
  pages={1812--1819},
  year={2017},
  publisher={Oxford University Press}
}

@article{finnegan2013microrna,
  title={MicroRNA biogenesis: regulating the regulators},
  author={Finnegan, Emily F and Pasquinelli, Amy E},
  journal={Critical reviews in biochemistry and molecular biology},
  volume={48},
  number={1},
  pages={51--68},
  year={2013},
  publisher={Taylor \& Francis}
}

@article{huntzinger2011gene,
  title={Gene silencing by microRNAs: contributions of translational repression and mRNA decay},
  author={Huntzinger, Eric and Izaurralde, Elisa},
  journal={Nature Reviews Genetics},
  volume={12},
  number={2},
  pages={99--110},
  year={2011},
  publisher={Nature Publishing Group}
}

@article{rupaimoole2017microrna,
  title={MicroRNA therapeutics: towards a new era for the management of cancer and other diseases},
  author={Rupaimoole, Rajesha and Slack, Frank J},
  journal={Nature reviews Drug discovery},
  volume={16},
  number={3},
  pages={203},
  year={2017},
  publisher={Nature Publishing Group}
}

@article{li2019current,
  title={Current experimental strategies for intracellular target identification of microRNA},
  author={Li, Jinbo and Zhang, Yan},
  journal={ExRNA},
  volume={1},
  number={1},
  pages={6},
  year={2019},
  publisher={BioMed Central}
}

@article{martinez2013microrna,
  title={MicroRNA target identificationâ€”experimental approaches},
  author={Martinez-Sanchez, Aida and Murphy, Chris L},
  journal={Biology},
  volume={2},
  number={1},
  pages={189--205},
  year={2013},
  publisher={Multidisciplinary Digital Publishing Institute}
}

@article{thomas2010desperately,
  title={Desperately seeking microRNA targets},
  author={Thomas, Marshall and Lieberman, Judy and Lal, Ashish},
  journal={Nature structural \& molecular biology},
  volume={17},
  number={10},
  pages={1169},
  year={2010},
  publisher={Nature Publishing Group}
}

@article{chi2009argonaute,
  title={Argonaute HITS-CLIP decodes microRNA--mRNA interaction maps},
  author={Chi, Sung Wook and Zang, Julie B and Mele, Aldo and Darnell, Robert B},
  journal={Nature},
  volume={460},
  number={7254},
  pages={479--486},
  year={2009},
  publisher={Nature Publishing Group}
}

@article{hafner2010transcriptome,
  title={Transcriptome-wide identification of RNA-binding protein and microRNA target sites by PAR-CLIP},
  author={Hafner, Markus and Landthaler, Markus and Burger, Lukas and Khorshid, Mohsen and Hausser, Jean and Berninger, Philipp and Rothballer, Andrea and Ascano Jr, Manuel and Jungkamp, Anna-Carina and Munschauer, Mathias and others},
  journal={Cell},
  volume={141},
  number={1},
  pages={129--141},
  year={2010},
  publisher={Elsevier}
}

@article{zisoulis2010comprehensive,
  title={Comprehensive discovery of endogenous Argonaute binding sites in Caenorhabditis elegans},
  author={Zisoulis, Dimitrios G and Lovci, Michael T and Wilbert, Melissa L and Hutt, Kasey R and Liang, Tiffany Y and Pasquinelli, Amy E and Yeo, Gene W},
  journal={Nature structural \& molecular biology},
  volume={17},
  number={2},
  pages={173},
  year={2010},
  publisher={Nature Publishing Group}
}

@article{wang2015design,
  title={Design and bioinformatics analysis of genome-wide CLIP experiments},
  author={Wang, Tao and Xiao, Guanghua and Chu, Yongjun and Zhang, Michael Q and Corey, David R and Xie, Yang},
  journal={Nucleic acids research},
  volume={43},
  number={11},
  pages={5263--5274},
  year={2015},
  publisher={Oxford University Press}
}

@article{uhl2017computational,
  title={Computational analysis of CLIP-seq data},
  author={Uhl, Michael and Houwaart, Torsten and Corrado, Gianluca and Wright, Patrick R and Backofen, Rolf},
  journal={Methods},
  volume={118},
  pages={60--72},
  year={2017},
  publisher={Elsevier}
}


@article{kruger2006rnahybrid,
  title={RNAhybrid: microRNA target prediction easy, fast and flexible},
  author={Kr{\"u}ger, Jan and Rehmsmeier, Marc},
  journal={Nucleic acids research},
  volume={34},
  number={suppl\_2},
  pages={W451--W454},
  year={2006},
  publisher={Oxford University Press}
}

@article{enright2003microrna,
  title={MicroRNA targets in Drosophila},
  author={Enright, Anton J and John, Bino and Gaul, Ulrike and Tuschl, Thomas and Sander, Chris and Marks, Debora S},
  journal={Genome biology},
  volume={5},
  number={1},
  pages={R1},
  year={2003},
  publisher={BioMed Central}
}

@article{lewis2005conserved,
  title={Conserved seed pairing, often flanked by adenosines, indicates that thousands of human genes are microRNA targets},
  author={Lewis, Benjamin P and Burge, Christopher B and Bartel, David P},
  journal={cell},
  volume={120},
  number={1},
  pages={15--20},
  year={2005},
  publisher={Elsevier}
}

@article{kertesz2007role,
  title={The role of site accessibility in microRNA target recognition},
  author={Kertesz, Michael and Iovino, Nicola and Unnerstall, Ulrich and Gaul, Ulrike and Segal, Eran},
  journal={Nature genetics},
  volume={39},
  number={10},
  pages={1278--1284},
  year={2007},
  publisher={Nature Publishing Group}
}

@article{lu2016learning,
  title={Learning to predict miRNA-mRNA interactions from AGO CLIP sequencing and CLASH data},
  author={Lu, Yuheng and Leslie, Christina S},
  journal={PLoS computational biology},
  volume={12},
  number={7},
  year={2016},
  publisher={Public Library of Science}
}

@article{ding2016tarpmir,
  title={TarPmiR: a new approach for microRNA target site prediction},
  author={Ding, Jun and Li, Xiaoman and Hu, Haiyan},
  journal={Bioinformatics},
  volume={32},
  number={18},
  pages={2768--2775},
  year={2016},
  publisher={Oxford University Press}
}

@article{pla2018miraw,
  title={miRAW: A deep learning-based approach to predict microRNA targets by analyzing whole microRNA transcripts},
  author={Pla, Albert and Zhong, Xiangfu and Rayner, Simon},
  journal={PLoS computational biology},
  volume={14},
  number={7},
  pages={e1006185},
  year={2018},
  publisher={Public Library of Science}
}

@article{cheng2015mirtdl,
  title={MiRTDL: a deep learning approach for miRNA target prediction},
  author={Cheng, Shuang and Guo, Maozu and Wang, Chunyu and Liu, Xiaoyan and Liu, Yang and Wu, Xuejian},
  journal={IEEE/ACM transactions on computational biology and bioinformatics},
  volume={13},
  number={6},
  pages={1161--1169},
  year={2015},
  publisher={IEEE}
}

@article{menor2014mirmark,
  title={mirMark: a site-level and UTR-level classifier for miRNA target prediction},
  author={Menor, Mark and Ching, Travers and Zhu, Xun and Garmire, David and Garmire, Lana X},
  journal={Genome biology},
  volume={15},
  number={10},
  pages={500},
  year={2014},
  publisher={BioMed Central}
}


@article{pinzon2017microrna,
  title={microRNA target prediction programs predict many false positives},
  author={Pinz{\'o}n, Natalia and Li, Blaise and Martinez, Laura and Sergeeva, Anna and Presumey, Jessy and Apparailly, Florence and Seitz, Herv{\'e}},
  journal={Genome research},
  volume={27},
  number={2},
  pages={234--245},
  year={2017},
  publisher={Cold Spring Harbor Lab}
}

@article{oliveira2017combining,
  title={Combining results from distinct MicroRNA target prediction tools enhances the performance of analyses},
  author={Oliveira, Arthur C and Bovolenta, Luiz A and Nachtigall, Pedro G and Herkenhoff, Marcos E and Lemke, Ney and Pinhal, Danillo},
  journal={Frontiers in genetics},
  volume={8},
  pages={59},
  year={2017},
  publisher={Frontiers}
}

@article{fridrich2019too,
  title={Too Many False Targets for MicroRNAs: Challenges and Pitfalls in Prediction of miRNA Targets and Their Gene Ontology in Model and Non-model Organisms},
  author={Fridrich, Arie and Hazan, Yael and Moran, Yehu},
  journal={Bioessays},
  volume={41},
  number={4},
  pages={1800169},
  year={2019},
  publisher={Wiley Online Library}
}

@article{min2010got,
  title={Got target?: computational methods for microRNA target prediction and their extension},
  author={Min, Hyeyoung and Yoon, Sungroh},
  journal={Experimental \& molecular medicine},
  volume={42},
  number={4},
  pages={233--244},
  year={2010},
  publisher={Nature Publishing Group}
}

@inproceedings{paker2019mirlstm,
  title={mirLSTM: A Deep Sequential Approach to MicroRNA Target Binding Site Prediction},
  author={Paker, Ahmet and O{\u{g}}ul, Hasan},
  booktitle={International Conference on Database and Expert Systems Applications},
  pages={38--44},
  year={2019},
  organization={Springer}
}

@article{khorshid2013biophysical,
  title={A biophysical miRNA-mRNA interaction model infers canonical and noncanonical targets},
  author={Khorshid, Mohsen and Hausser, Jean and Zavolan, Mihaela and Van Nimwegen, Erik},
  journal={Nature methods},
  volume={10},
  number={3},
  pages={253},
  year={2013},
  publisher={Nature Publishing Group}
}

@article{xiao2009mirecords,
  title={miRecords: an integrated resource for microRNA--target interactions},
  author={Xiao, Feifei and Zuo, Zhixiang and Cai, Guoshuai and Kang, Shuli and Gao, Xiaolian and Li, Tongbin},
  journal={Nucleic acids research},
  volume={37},
  number={suppl\_1},
  pages={D105--D110},
  year={2009},
  publisher={Oxford University Press}
}

@article{chou2016mirtarbase,
  title={miRTarBase 2016: updates to the experimentally validated miRNA-target interactions database},
  author={Chou, Chih-Hung and Chang, Nai-Wen and Shrestha, Sirjana and Hsu, Sheng-Da and Lin, Yu-Ling and Lee, Wei-Hsiang and Yang, Chi-Dung and Hong, Hsiao-Chin and Wei, Ting-Yen and Tu, Siang-Jyun and others},
  journal={Nucleic acids research},
  volume={44},
  number={D1},
  pages={D239--D247},
  year={2016},
  publisher={Oxford University Press}
}

@article{vlachos2015diana,
  title={DIANA-TarBase v7. 0: indexing more than half a million experimentally supported miRNA: mRNA interactions},
  author={Vlachos, Ioannis S and Paraskevopoulou, Maria D and Karagkouni, Dimitra and Georgakilas, Georgios and Vergoulis, Thanasis and Kanellos, Ilias and Anastasopoulos, Ioannis-Laertis and Maniou, Sofia and Karathanou, Konstantina and Kalfakakou, Despina and others},
  journal={Nucleic acids research},
  volume={43},
  number={D1},
  pages={D153--D159},
  year={2015},
  publisher={Oxford University Press}
}

@article{majoros2013microrna,
  title={MicroRNA target site identification by integrating sequence and binding information},
  author={Majoros, William H and Lekprasert, Parawee and Mukherjee, Neelanjan and Skalsky, Rebecca L and Corcoran, David L and Cullen, Bryan R and Ohler, Uwe},
  journal={Nature methods},
  volume={10},
  number={7},
  pages={630},
  year={2013},
  publisher={Nature Publishing Group}
}

@article{reczko2012functional,
  title={Functional microRNA targets in protein coding sequences},
  author={Reczko, Martin and Maragkakis, Manolis and Alexiou, Panagiotis and Grosse, Ivo and Hatzigeorgiou, Artemis G},
  journal={Bioinformatics},
  volume={28},
  number={6},
  pages={771--776},
  year={2012},
  publisher={Oxford University Press}
}

@article{liu2013clip,
  title={CLIP-based prediction of mammalian microRNA binding sites},
  author={Liu, Chaochun and Mallick, Bibekanand and Long, Dang and Rennie, William A and Wolenc, Adam and Carmack, C Steven and Ding, Ye},
  journal={Nucleic acids research},
  volume={41},
  number={14},
  pages={e138--e138},
  year={2013},
  publisher={Oxford University Press}
}

@article{fabian2010regulation,
  title={Regulation of mRNA translation and stability by microRNAs},
  author={Fabian, Marc Robert and Sonenberg, Nahum and Filipowicz, Witold},
  journal={Annual review of biochemistry},
  volume={79},
  pages={351--379},
  year={2010},
  publisher={Annual Reviews}
}

@article{wang2016improving,
  title={Improving microRNA target prediction by modeling with unambiguously identified microRNA-target pairs from CLIP-ligation studies},
  author={Wang, Xiaowei},
  journal={Bioinformatics},
  volume={32},
  number={9},
  pages={1316--1322},
  year={2016},
  publisher={Oxford University Press}
}

@article{liu2019prediction,
  title={Prediction of functional microRNA targets by integrative modeling of microRNA binding and target expression data},
  author={Liu, Weijun and Wang, Xiaowei},
  journal={Genome biology},
  volume={20},
  number={1},
  pages={1--10},
  year={2019},
  publisher={BioMed Central}
}

@article{baek2008impact,
  title={The impact of microRNAs on protein output},
  author={Baek, Daehyun and Vill{\'e}n, Judit and Shin, Chanseok and Camargo, Fernando D and Gygi, Steven P and Bartel, David P},
  journal={Nature},
  volume={455},
  number={7209},
  pages={64--71},
  year={2008},
  publisher={Nature Publishing Group}
}